
<record>
  <controlfield tag="001">23223</controlfield>
  <datafield tag="035" ind1=" " ind2=" ">
    <subfield code="a">Braunschweig:1987pm</subfield>
    <subfield code="9">SPIRESTeX</subfield>
  </datafield>
  <datafield tag="245" ind1=" " ind2=" ">
    <subfield code="a">EVIDENCE FOR ETA(c) PRODUCTION IN TWO PHOTON COLLISIONS</subfield>
  </datafield>
  <datafield tag="710" ind1=" " ind2=" ">
    <subfield code="g">TASSO</subfield>
  </datafield>
</record>